@article{bengio2003neural,
  title={A neural probabilistic language model},
  author={Bengio, Yoshua and Ducharme, R{\'e}jean and Vincent, Pascal and Jauvin, Christian},
  journal={Journal of machine learning research},
  volume=3,
  pages={1137--1155},
  year=2003,
  url={https://bit.ly/3rkKa4M}
}

@article{bojanowski2017enriching,
  title={Enriching word vectors with subword information},
  author={Bojanowski, Piotr and Grave, Edouard and Joulin, Armand and Mikolov, Tomas},
  journal={Transactions of the Association for Computational Linguistics},
  volume={5},
  pages={135--146},
  year={2017},
  publisher={MIT Press}
}

@article{levy2014neural,
  title={Neural word embedding as implicit matrix factorization},
  author={Levy, Omer and Goldberg, Yoav},
  journal={Advances in neural information processing systems},
  volume=27,
  pages={2177--2185},
  year=2014,
  url={https://www.aclweb.org/anthology/Q15-1016.pdf}
}

@article{mikolov2013efficient,
  title={Efficient estimation of word representations in vector space},
  author={Mikolov, Tomas and Chen, Kai and Corrado, Greg and Dean, Jeffrey},
  journal={arXiv preprint arXiv:1301.3781},
  year={2013},
  url={https://arxiv.org/pdf/1301.3781.pdf}
}

@article{mikolov2013distributed,
  title={Distributed representations of words and phrases and their compositionality},
  author={Mikolov, Tomas and Sutskever, Ilya and Chen, Kai and Corrado, Greg S and Dean, Jeff},
  journal={Advances in neural information processing systems},
  volume=26,
  pages={3111--3119},
  year=2013,
  url={https://bit.ly/2WxL8MT}}

@inproceedings{pennington2014glove,
  title={Glove: Global vectors for word representation},
  author={Pennington, Jeffrey and Socher, Richard and Manning, Christopher D},
  booktitle={Proceedings of the 2014 conference on empirical methods in natural language processing (EMNLP)},
  pages={1532--1543},
  year={2014},
  url={https://nlp.stanford.edu/pubs/glove.pdf}
}

@unpublished{jurafsky2019speech,
  title={Speech and language processing (3rd ed. draft)},
  author={Jurafsky, Daniel and Martin, James H},
  year={2019},
  url={https://web.stanford.edu/~jurafsky/slp3/}
}

@article{levy2015improving,
  title={Improving distributional similarity with lessons learned from word embeddings},
  author={Levy, Omer and Goldberg, Yoav and Dagan, Ido},
  journal={Transactions of the Association for Computational Linguistics},
  volume=3,
  pages={211--225},
  year=2015,
  publisher={MIT Press},
  url={https://www.aclweb.org/anthology/Q15-1016.pdf}
}

@article{heinzerling2017bpemb,
  title={BPEmb: Tokenization-free pre-trained subword embeddings in 275 languages},
  author={Heinzerling, Benjamin and Strube, Michael},
  journal={arXiv preprint arXiv:1710.02187},
  year={2017},
  url={http://www.lrec-conf.org/proceedings/lrec2018/pdf/1049.pdf}
}

@article{hochreiter1997long,
  title={Long short-term memory},
  author={Hochreiter, Sepp and Schmidhuber, J{\"u}rgen},
  journal={Neural computation},
  volume={9},
  number={8},
  pages={1735--1780},
  year={1997},
  publisher={MIT Press},
  url={https://bit.ly/3hoXoJx}
}

@unpublished{olah2015understanding,
  title={Understanding {LSTM} networks},
  author={Olah, Christopher},
  year={2015},
  url={https://colah.github.io/posts/2015-08-Understanding-LSTMs/}
}

@article{elman1990finding,
  title={Finding structure in time},
  author={Elman, Jeffrey L},
  journal={Cognitive science},
  volume={14},
  number={2},
  pages={179--211},
  year={1990},
  publisher={Wiley Online Library},
  url={https://crl.ucsd.edu/~elman/Papers/fsit.pdf}
}


@article{bengio2015scheduled,
  title={Scheduled sampling for sequence prediction with recurrent neural networks},
  author={Bengio, Samy and Vinyals, Oriol and Jaitly, Navdeep and Shazeer, Noam},
  journal={Advances in neural information processing systems},
  volume={28},
  pages={1171--1179},
  year={2015},
  url={https://bit.ly/3rHrYCO}
}

@article{jang2016categorical,
  title={Categorical reparameterization with gumbel-softmax},
  author={Jang, Eric and Gu, Shixiang and Poole, Ben},
  journal={arXiv preprint arXiv:1611.01144},
  year={2016}
}

@article{karpathy2015unreasonable,
  title={The unreasonable effectiveness of recurrent neural networks. {B}log post},
  author={Karpathy, Andrej},
  url={http://karpathy.github.io/2015/05/21/rnn-effectiveness},
  year={2015}
  }

@article{falcon2018taming,
  title={Taming {LSTM}s. {B}log post},
  author={Falcon, William},
  url={https://bit.ly/38PFJ9T},
  year={2018}
  }

@article{minaee2019deep,
  title={Deep-sentiment: Sentiment analysis using ensemble of {CNN} and bi-{LSTM} models},
  author={Minaee, Shervin and Azimi, Elham and Abdolrashidi, AmirAli},
  journal={arXiv preprint arXiv:1904.04206},
  year={2019},
  url={https://arxiv.org/pdf/1904.04206.pdf}
}

@article{faust2018automated,
  title={Automated detection of atrial fibrillation using long short-term memory network with RR interval signals},
  author={Faust, Oliver and Shenfield, Alex and Kareem, Murtadha and San, Tan Ru and Fujita, Hamido and Acharya, U Rajendra},
  journal={Computers in biology and medicine},
  volume={102},
  pages={327--335},
  year={2018},
  publisher={Elsevier},
  url={https://bit.ly/2LdAEA0}
}

 @book{murphy2021pml,
 author = "Kevin P. Murphy",
 title = "Probabilistic Machine Learning: An introduction",
 publisher = "MIT Press",
 year = 2021,
 url = "http://mlbayes.ai"
}

@phdthesis{luong2016neural,
  title={Neural machine translation},
  author={Luong, Minh-Thang},
  year={2016},
  school={Stanford University},
  url={https://bit.ly/3hJ1wEo}
}

@book{koopman2013introduction,
  title={An introduction to syntactic analysis and theory},
  author={Koopman, Hilda and Sportiche, Dominique and Stabler, Edward},
  year={2013},
  publisher={John Wiley \& Sons},
  url = {https://linguistics.ucla.edu/people/stabler/isat.pdf}
}

@article{nivre2013beyond,
  title = {Beyond {MaltParser}. {P}resentation},
  author = {Nivre, Joakim},
  year = {2013},
  url = {https://bit.ly/3q2jm86}
}

@inproceedings{nivre-nilsson-2005-pseudo,
    title = "Pseudo-Projective Dependency Parsing",
    author = "Nivre, Joakim  and
      Nilsson, Jens",
    booktitle = "Proceedings of the 43rd Annual Meeting of the Association for Computational Linguistics ({ACL}{'}05)",
    month = jun,
    year = "2005",
    address = "Ann Arbor, Michigan",
    publisher = "Association for Computational Linguistics",
    url = "https://www.aclweb.org/anthology/P05-1013",
    doi = "10.3115/1219840.1219853",
    pages = "99--106",
}

@inproceedings{huang2009bilingually,
  title={Bilingually-constrained (monolingual) shift-reduce parsing},
  author={Huang, Liang and Jiang, Wenbin and Liu, Qun},
  booktitle={Proceedings of the 2009 Conference on Empirical Methods in Natural Language Processing},
  pages={1222--1231},
  year=2009,
  url={https://dl.acm.org/doi/10.5555/1699648.1699668}
}

@inproceedings{chen2014fast,
  title={A fast and accurate dependency parser using neural networks},
  author={Chen, Danqi and Manning, Christopher D},
  booktitle={Proceedings of the 2014 conference on empirical methods in natural language processing (EMNLP)},
  pages={740--750},
  year={2014},
  url={https://nlp.stanford.edu/pubs/emnlp2014-depparser.pdf}
}

@article{dozat2016deep,
  title={Deep biaffine attention for neural dependency parsing},
  author={Dozat, Timothy and Manning, Christopher D},
  journal={arXiv preprint arXiv:1611.01734},
  year={2016},
  url={https://arxiv.org/pdf/1611.01734.pdf}
}
